@article{Adams2000,
  title={Contact modeling—forces},
  author={Adams, GG and Nosonovsky, M},
  journal={Tribology International},
  volume={33},
  number={5},
  pages={431--442},
  year={2000},
  publisher={Elsevier}
}

@article{Barrasso2013,
	title={Multi-component population balance modeling of continuous granulation processes: a parametric study and comparison with experimental trends},
	author={Barrasso, Dana and Walia, Samjit and Ramachandran, Rohit},
	journal={Powder technology},
	volume={241},
	pages={85--97},
	year={2013},
	publisher={Elsevier}
}


@article{Chaturbedi2017,
	title={Compartment based population balance model development of a high shear wet granulation process via dry and wet binder addition},
	author={Chaturbedi, Anik and Bandi, Chandra Kanth and Reddy, Dheeraj and Pandey, Preetanshu and Narang, Ajit and Bindra, Dilbir and Tao, Li and Zhao, Junshu and Li, Jinjiang and Hussain, Munir and Ramachandran, Rohit},
	journal={Chemical Engineering Research and Design},
	volume={123},
	pages={187--200},
	year={2017},
	publisher={Elsevier}
}

@article{Gunawan2008,
	title={Parallel high-resolution finite volume simulation of particulate processes},
	author={Gunawan, Rudiyanto and Fusman, Irene and Braatz, Richard D},
	journal={AIChE journal},
	volume={54},
	number={6},
	pages={1449--1458},
	year={2008},
	publisher={Wiley Online Library}
}

@article{Li2015,
  title={Nested Parallelism on GPU: Exploring Parallelization Templates for Irregular Loops and Recursive Computations},
  author={Da Li and Hancheng Wu and Michela Becchi},
  journal={2015 44th International Conference on Parallel Processing},
  year={2015},
  pages={979-988}
}

@article{Prakash2013a,
	title={Simulation of population balance model-based particulate processes via parallel and distributed computing},
	author={Prakash, Anuj V and Chaudhury, Anwesha and Barrasso, Dana and Ramachandran, Rohit},
	journal={Chemical Engineering Research and Design},
	volume={91},
	number={7},
	pages={1259--1271},
	year={2013},
	publisher={Elsevier}
}

@article{Prakash2013b,
	title={Parallel simulation of population balance model-based particulate processes using multicore {CPUs} and {GPUs}},
	author={Prakash, Anuj V and Chaudhury, Anwesha and Ramachandran, Rohit},
	journal={Modelling and Simulation in Engineering},
	volume={2013},
	pages={2},
	year={2013},
	publisher={Hindawi Publishing Corp.}
}

@article{Ramachandran2009,
	title={A mechanistic model for breakage in population balances of granulation: Theoretical kernel development and experimental validation},
	author={Ramachandran, Rohit and Immanuel, Charles D and Stepanek, Frantisek and Litster, James D and Doyle, Francis J},
	journal={Chemical Engineering Research and Design},
	volume={87},
	number={4},
	pages={598--614},
	year={2009},
	publisher={Elsevier}
}

@article{sen2014,
	title={A multi-scale hybrid {CFD-DEM-PBM} description of a fluid-bed granulation process},
	author={Sen, Maitraye and Barrasso, Dana and Singh, Ravendra and Ramachandran, Rohit},
	journal={Processes},
	volume={2},
	number={1},
	pages={89--111},
	year={2014},
	publisher={Multidisciplinary Digital Publishing Institute}
}

@book{seville1997,
	title={Processing of particulate solids},
	author={Seville, Jonathan and T{\"u}z{\"u}n, Ugammaur and Clift, Roland},
	volume={9},
	year={2012},
	publisher={Springer Science \& Business Media}
}

@article{Szilagy2016,
title = "Graphical processing unit (GPU) acceleration for numerical solution of population balance models using high resolution finite volume algorithm",
journal = "Computers & Chemical Engineering",
volume = "91",
pages = "167 - 181",
year = "2016",
author = "Botond Szilágyi and Zoltán K. Nagy"
}